<?xml version="1.0"?>
<collection xmlns="http://www.loc.gov/MARC21/slim">
  <record>
    <leader>01588cam a2200361 a 4500</leader>
    <controlfield tag="001">ukraine19171932l00jouk</controlfield>
    <controlfield tag="003">CaSfIA</controlfield>
    <controlfield tag="005">20161017131614.0</controlfield>
    <controlfield tag="007">cr||||||||||||</controlfield>
    <controlfield tag="008">870716s1986    fr            1   0 fre c</controlfield>
    <datafield tag="020" ind1=" " ind2=" ">
      <subfield code="a">2858310084</subfield>
    </datafield>
    <datafield tag="035" ind1=" " ind2=" ">
      <subfield code="a">ocm70324873</subfield>
    </datafield>
    <datafield tag="040" ind1=" " ind2=" ">
      <subfield code="b">eng</subfield>
      <subfield code="d">CaSfIA</subfield>
    </datafield>
    <datafield tag="043" ind1=" " ind2=" ">
      <subfield code="a">e-ur-un</subfield>
    </datafield>
    <datafield tag="045" ind1=" " ind2=" ">
      <subfield code="a">x1x3</subfield>
    </datafield>
    <datafield tag="049" ind1=" " ind2=" ">
      <subfield code="a">AEU</subfield>
      <subfield code="b">eng</subfield>
    </datafield>
    <datafield tag="055" ind1=" " ind2="3">
      <subfield code="a">DK 508.813</subfield>
      <subfield code="b">A18 1986</subfield>
    </datafield>
    <datafield tag="090" ind1="0" ind2=" ">
      <subfield code="a">DK 508.813 A18 1986</subfield>
      <subfield code="b">AEU</subfield>
    </datafield>
    <datafield tag="245" ind1="0" ind2="0">
      <subfield code="a">Actes du colloque :</subfield>
      <subfield code="h">[electronic resource] </subfield>
      <subfield code="b">la renaissance nationale et culturelle en Ukraine de 1917 aux ann&#xE9;es 1930 : (Paris, 25 et 26 novembre 1982).</subfield>
    </datafield>
    <datafield tag="260" ind1=" " ind2=" ">
      <subfield code="a">Paris ;</subfield>
      <subfield code="a">Edmonton :</subfield>
      <subfield code="b">[s.n.],</subfield>
      <subfield code="c">1986.</subfield>
    </datafield>
    <datafield tag="300" ind1=" " ind2=" ">
      <subfield code="a">470 p., [12] p. of plates :</subfield>
      <subfield code="b">ill., map, ports. ;</subfield>
      <subfield code="c">21 cm.</subfield>
    </datafield>
    <datafield tag="336" ind1=" " ind2=" ">
      <subfield code="a">text</subfield>
      <subfield code="b">txt</subfield>
      <subfield code="2">rdacontent</subfield>
    </datafield>
    <datafield tag="337" ind1=" " ind2=" ">
      <subfield code="a">unmediated</subfield>
      <subfield code="b">n</subfield>
      <subfield code="2">rdamedia</subfield>
    </datafield>
    <datafield tag="338" ind1=" " ind2=" ">
      <subfield code="a">volume</subfield>
      <subfield code="b">nc</subfield>
      <subfield code="2">rdacarrier</subfield>
    </datafield>
    <datafield tag="500" ind1=" " ind2=" ">
      <subfield code="a">At head of title: Institut national des langues et civilisations orientales (Paris), Universit&#xE8; ukrainienne libre (Munich), Institut canadien d'etudes ukrainiennes, Universit&#xE0; de l'Alberta (Edmonton)</subfield>
    </datafield>
    <datafield tag="500" ind1=" " ind2=" ">
      <subfield code="a">Title on cover: Ukraine, 1917-1932: renaissance nationale.</subfield>
    </datafield>
    <datafield tag="504" ind1=" " ind2=" ">
      <subfield code="a">Includes bibliographical references.</subfield>
    </datafield>
    <datafield tag="596" ind1=" " ind2=" ">
      <subfield code="a">38</subfield>
    </datafield>
    <datafield tag="651" ind1=" " ind2="0">
      <subfield code="a">Ukraine</subfield>
      <subfield code="x">Civilization</subfield>
      <subfield code="y">1917- </subfield>
      <subfield code="v">Congresses.</subfield>
    </datafield>
    <datafield tag="651" ind1=" " ind2="0">
      <subfield code="a">Ukraine</subfield>
      <subfield code="x">History</subfield>
      <subfield code="y">1917- </subfield>
      <subfield code="v">Congresses.</subfield>
    </datafield>
    <datafield tag="710" ind1="2" ind2=" ">
      <subfield code="a">Institut national des langues et civilisations orientales.</subfield>
    </datafield>
    <datafield tag="710" ind1="2" ind2=" ">
      <subfield code="a">Ukra&#xEF;ns&#x2B9;ky&#x12D; vil&#x2B9;ny&#x12D; universytet.</subfield>
    </datafield>
    <datafield tag="710" ind1="2" ind2=" ">
      <subfield code="a">Canadian Institute of Ukrainian Studies.</subfield>
    </datafield>
    <datafield tag="740" ind1="0" ind2=" ">
      <subfield code="a">Ukraine, 1917-1932: renaissance nationale.</subfield>
    </datafield>
    <datafield tag="740" ind1="3" ind2=" ">
      <subfield code="a">La Renaissance nationale et culturelle en Ukraine de 1917 aux ann&#xE9;es 1930.</subfield>
    </datafield>
    <datafield tag="856" ind1="4" ind2="1">
      <subfield code="u">http://archive.org/details/ukraine19171932l00jouk</subfield>
      <subfield code="z">Free eBook from the Internet Archive</subfield>
    </datafield>
    <datafield tag="856" ind1="4" ind2="2">
      <subfield code="u">http://www.openlibrary.org/books/OL1795200M</subfield>
      <subfield code="z">Additional information and access via Open Library</subfield>
    </datafield>
  </record>
</collection>
